This file was created with JabRef 2.1 beta 2.
Encoding: GB2312


@misc{ctfwiki_rsa_theory,
  year         = {2024},
  author       = {CTF Wiki},
  title        = {RSA 介绍},
  howpublished = {\url{https://ctf-wiki.github.io/ctf-wiki/crypto/asymmetric/rsa/rsa_intro/}}
}


# 引用电子书籍
@incollection{crypto_book,
  author       = {guoshijiang},
  booktitle    = {人人都能看懂的密码学},
  title        = {密码学发展简史},
  chapter      = 2,
  year         = {2020},
  howpublished = {\url{https://the-web3.github.io/cryptography}}
}

# 引用csdn文章
@misc{csdn_rsa1,
  author       = {HinsCoder},
  title        = {公钥密码学与RSA(学习笔记)},
  year         = {2022},
  howpublished = {\url{https://blog.csdn.net/HinsCoder/article/details/127138260}}
}

@misc{csdn_rsa2,
  author       = {Puppy},
  title        = {RSA算法原理详解},
  year         = {2022},
  howpublished = {\url{https://blog.csdn.net/qq_36665989/article/details/123184780}}
}

@misc{ruanyifeng_rsa,
  author       = {阮一峰},
  title        = {RSA算法原理},
  year         = {2013},
  howpublished = {\url{https://www.ruanyifeng.com/blog/2013/06/rsa_algorithm_part_one.html}}
}